<?xml version="1.0" encoding="UTF-8"?><record xmlns="http://www.loc.gov/MARC21/slim" xmlns:cinclude="http://apache.org/cocoon/include/1.0" xmlns:zs="http://www.loc.gov/zing/srw/">
  <leader>00506cz  a2200145n  4500</leader>
  <controlfield tag="001">n  88189073 </controlfield>
  <controlfield tag="003">DLC</controlfield>
  <controlfield tag="005">20001025034226.0</controlfield>
  <controlfield tag="008">890804n| acannaab           |a ana      </controlfield>
  <datafield tag="010" ind1=" " ind2=" ">
    <subfield code="a">n  88189073 </subfield>
  </datafield>
  <datafield tag="040" ind1=" " ind2=" ">
    <subfield code="a">DLC</subfield>
    <subfield code="c">DLC</subfield>
    <subfield code="d">UPB</subfield>
  </datafield>
  <datafield tag="110" ind1="2" ind2=" ">
    <subfield code="a">Bibliothèque nationale de France.</subfield>
    <subfield code="k">Manuscript.</subfield>
    <subfield code="n">Latin 1139</subfield>
  </datafield>
  <datafield tag="410" ind1="2" ind2=" ">
    <subfield code="a">Bibliothèque nationale (France).</subfield>
    <subfield code="k">Manuscript.</subfield>
    <subfield code="n">Latin 1139</subfield>
  </datafield>
  <datafield tag="410" ind1="2" ind2=" ">
    <subfield code="a">Bibliothèque nationale (France).</subfield>
    <subfield code="t">Fonds Latin 1139</subfield>
  </datafield>
  <datafield tag="670" ind1=" " ind2=" ">
    <subfield code="a">Its Paris Bibliothèque nationale fonds Latin 1139, c1987.</subfield>
  </datafield>
</record>